%% This BibTeX bibliography file was created using BibDesk.
%% http://bibdesk.sourceforge.net/


%% Created for Boggiz at 2015-02-09 02:32:18 +0100 


%% Saved with string encoding Unicode (UTF-8) 



@book{smith2010physical,
	Author = {Smith, Julius O},
	Date-Added = {2015-02-09 01:30:36 +0000},
	Date-Modified = {2015-02-09 01:32:15 +0000},
	Publisher = {W3K Publishing},
	Title = {Physical audio signal processing},
	Year = {2010}}

@article{ueda2010hmm,
	Author = {Ueda, Yushi and Uchiyama, Yuuki and Nishimoto, Takuya and Ono, Nobutaka and Sagayama, Shigeki},
	Date-Added = {2015-02-08 22:33:50 +0000},
	Date-Modified = {2015-02-08 22:34:49 +0000},
	Journal = {Acoustics Speech and Signal Processing (ICASSP), 2010 IEEE International Conference on},
	Pages = {5518-5521},
	Title = {HMM-based approach for automatic chord detection using refined acoustic features},
	Year = {2010}}

@book{piston1978harmony,
	Author = {Piston, Walter},
	Date-Added = {2015-02-08 21:55:56 +0000},
	Date-Modified = {2015-02-08 21:57:29 +0000},
	Publisher = {London: Victor Gollancz LTD},
	Title = {Harmony 4th Ed. revised and expanded by Mark Devoto},
	Year = {1978}}

@article{devillard1998fast,
	Author = {Devillard, Nicolas},
	Date-Added = {2015-02-08 10:36:48 +0000},
	Date-Modified = {2015-02-08 10:37:18 +0000},
	Journal = {ndevilla AT free DOT fr},
	Title = {Fast median search: an ANSI C implementation},
	Year = {1998}}

@article{gabor1947acoustical,
	Author = {Gabor, Dennis},
	Date-Added = {2015-02-08 09:43:42 +0000},
	Date-Modified = {2015-02-08 09:44:29 +0000},
	Journal = {Nature},
	Number = {4044},
	Pages = {591-594},
	Title = {Acoustical quanta and the theory of hearing},
	Volume = {159},
	Year = {1947}}

@article{moulines1995non,
	Author = {Moulines, Eric and Laroche, Jean},
	Date-Added = {2015-02-08 09:41:58 +0000},
	Date-Modified = {2015-02-08 09:42:44 +0000},
	Journal = {Speech communication},
	Number = {2},
	Pages = {175-205},
	Title = {Non-parametric techniques for pitch-scale and time-scale modification of speech},
	Volume = {16},
	Year = {1995}}

@article{de2002yin,
	Author = {De Cheveign{\'e}, Alain and Kawahara, Hideki},
	Date-Added = {2015-02-07 16:41:38 +0000},
	Date-Modified = {2015-02-07 16:42:27 +0000},
	Journal = {The Journal of the Acoustical Society of America},
	Number = {4},
	Pages = {1917-1930},
	Title = {YIN, a fundamental frequency estimator for speech and music},
	Volume = {111},
	Year = {2002}}

@article{puckette1998real,
	Author = {Puckette, Miller and Apel, Theodore and others},
	Date-Added = {2015-02-07 15:09:57 +0000},
	Date-Modified = {2015-02-07 15:13:30 +0000},
	Title = {Real-time audio analysis tools for Pd and MSP},
	Year = {1998}}

@article{laroche1999new,
	Author = {Laroche, Jean and Dolson, Mark},
	Date-Added = {2015-02-03 16:46:18 +0000},
	Date-Modified = {2015-02-03 16:46:52 +0000},
	Journal = {Applications of Signal Processing to Audio and Acoustics, 1999 IEEE Workshop on},
	Pages = {91-94},
	Title = {New phase-vocoder techniques for pitch-shifting, harmonizing and other exotic effects},
	Year = {1999}}

@article{paiement2006probabilistic,
	Author = {Paiement, Jean-Fran{\c c}ois and Eck, Douglas and Bengio, Samy},
	Date-Added = {2015-02-03 16:42:55 +0000},
	Date-Modified = {2015-02-03 16:43:46 +0000},
	Journal = {Advances in Artificial Intelligence},
	Pages = {218-229},
	Title = {Probabilistic melodic harmonization},
	Year = {2006}}

@article{allan2005harmonising,
	Author = {Allan, Moray and Williams, Christopher KI},
	Date-Added = {2015-02-03 16:38:02 +0000},
	Date-Modified = {2015-02-03 16:38:50 +0000},
	Journal = {Advances in neural information processing systems},
	Pages = {25-32},
	Title = {Harmonising chorales by probabilistic inference},
	Volume = {17},
	Year = {2005}}

@article{vondemknesebeck2010high,
	Author = {von dem Knesebeck, Adrian and Ziraksaz, Pooya and Z{\"o}lzer, Udo},
	Date-Added = {2015-02-03 15:52:01 +0000},
	Date-Modified = {2015-02-03 16:49:39 +0000},
	Journal = {Audio Engineering Society Convention 129},
	Title = {High Quality Time-Domain Pitch Shifting Using PSOLA and Transient Preservation},
	Year = {November, 2010}}

@article{schnell2000synthesizing,
	Author = {Schnell, Norbert and Peeters, Geoffroy and Lemouton, Serge and Manoury, Philippe and Rodet, Xavier},
	Date-Added = {2015-02-03 15:50:45 +0000},
	Date-Modified = {2015-02-03 15:51:22 +0000},
	Journal = {Proceedings of the International Computer Music Conference},
	Pages = {102-108},
	Title = {Synthesizing a choir in real-time using Pitch Synchronous Overlap Add (PSOLA)},
	Year = {2000}}

@article{disch1999modulation,
	Author = {Disch, Sascha and Z{\"o}lzer, Udo},
	Date-Added = {2015-02-03 15:47:23 +0000},
	Date-Modified = {2015-02-03 15:48:45 +0000},
	Journal = {2nd Workshop on Digital Audio Effects DAFx, Proceedings of},
	Title = {Modulation and delay line based digital audio effects},
	Year = {1999}}

@article{muhammad2008noise,
	Author = {Muhammad, Ghulam},
	Date-Added = {2015-02-03 15:44:23 +0000},
	Date-Modified = {2015-02-03 15:45:00 +0000},
	Journal = {Signal Processing and Information Technology, 2008. ISSPIT 2008. IEEE International Symposium on},
	Pages = {133-138},
	Title = {Noise robust pitch detection based on extended AMDF},
	Year = {2008}}

@article{ying1994probabilistic,
	Author = {Ying, Goangshiuan S and Jamieson, Leah H and Mitchell, Carl D},
	Date-Added = {2015-02-03 15:42:34 +0000},
	Date-Modified = {2015-02-03 15:43:40 +0000},
	Journal = {The Journal of the Acoustical Society of America},
	Number = {5},
	Pages = {2817-2820},
	Title = {A probabilistic approach to AMDF pitch detection},
	Volume = {95},
	Year = {1994}}

@article{abdullah2009high,
	Author = {Abdullah-Al-Mamun, K and Sarker, F and Muhammad, G},
	Date-Added = {2015-02-03 15:38:04 +0000},
	Date-Modified = {2015-02-03 15:39:13 +0000},
	Journal = {Journal of Scientific Research},
	Number = {3},
	Pages = {508-515},
	Title = {A high resolution pitch detection algorithm based on AMDF and ACF},
	Volume = {1},
	Year = {2009}}

@article{tan2003pitch,
	Author = {Tan, Li and Karnjanadecha, Montri},
	Date-Added = {2015-02-03 15:35:12 +0000},
	Date-Modified = {2015-02-03 15:35:38 +0000},
	Title = {Pitch detection algorithm: autocorrelation method and AMDF},
	Year = {2003}}

@article{zhao2013amdf,
	Author = {Zhao, Huan and Gan, Wenjie},
	Date-Added = {2015-02-03 15:29:56 +0000},
	Date-Modified = {2015-02-03 15:31:34 +0000},
	Journal = {Journal of Multimedia},
	Number = {5},
	Pages = {618-625},
	Title = {A New Pitch Estimation Method Based on AMDF},
	Volume = {8},
	Year = {October, 2013}}

@article{boltzmann1994,
	Author = {Bellgard, M. I. and Tsang, C. P.},
	Date-Added = {2015-02-03 15:26:50 +0000},
	Date-Modified = {2015-02-03 16:31:34 +0000},
	Journal = {Connection Science},
	Pages = {281-297},
	Title = {Harmonizing Music the Boltzmann Way},
	Volume = {6},
	Year = {1994}}

@article{ross1974average,
	Author = {Ross, M and Shaffer, H. and Cohen, Andrew and Freudberg, Richard and Manley, H.},
	Date-Added = {2015-02-03 15:24:33 +0000},
	Date-Modified = {2015-02-03 15:25:31 +0000},
	Journal = {Acoustics, Speech and Signal Processing, IEEE Transactions on},
	Number = {5},
	Pages = {353-362},
	Title = {Average magnitude difference function pitch extractor},
	Volume = {22},
	Year = {1974}}

@article{zhang2002pitch,
	Author = {Zhang, Wenyao and Xu, Gang and Wang, Yuguo},
	Date-Added = {2015-02-03 15:22:19 +0000},
	Date-Modified = {2015-02-03 15:23:45 +0000},
	Journal = {Acoustics, Speech, and Signal Processing (ICASSP), 2002 IEEE International Conference on},
	Pages = {341-344},
	Title = {Pitch estimation based on circular AMDF},
	Volume = {1},
	Year = {2002}}

@article{rabiner1976comparative,
	Author = {Rabiner, Lawrence and Cheng, Md and Rosenberg, Aaron E. and McGonegal, C.},
	Date-Added = {2015-02-03 15:16:34 +0000},
	Date-Modified = {2015-02-03 16:31:05 +0000},
	Journal = {Acoustics, Speech and Signal Processing, IEEE Transactions on},
	Number = {5},
	Pages = {399--418},
	Title = {A comparative performance study of several pitch detection algorithms},
	Volume = {24},
	Year = {1976}}

@misc{laroche2003phase,
	Author = {Laroche, J. and Dolson, M.},
	Date-Added = {2015-02-03 15:13:57 +0000},
	Date-Modified = {2015-02-03 15:13:57 +0000},
	Month = apr # {~15},
	Note = {US Patent 6,549,884},
	Publisher = {Google Patents},
	Title = {Phase-vocoder pitch-shifting},
	Url = {http://www.google.com/patents/US6549884},
	Year = {2003},
	Bdsk-Url-1 = {http://www.google.com/patents/US6549884}}

@article{flanagan1966vocoder,
	Author = {Flanagan, James L and Golden, RM},
	Date-Added = {2015-02-03 15:10:12 +0000},
	Date-Modified = {2015-02-03 16:31:57 +0000},
	Journal = {Bell System Technical Journal},
	Number = {9},
	Pages = {1493--1509},
	Title = {Phase vocoder},
	Volume = {45},
	Year = {1966}}

@article{gordon1987vocoder,
	Author = {Gordon, John William and Strawn, John},
	Date-Added = {2015-02-03 15:03:20 +0000},
	Date-Modified = {2015-02-03 16:31:20 +0000},
	Journal = {CCRMA, Department of Music, Stanford University},
	Title = {An introduction to the phase vocoder},
	Year = {1987}}

@article{dolson1986tutorial,
	Author = {Dolson, Mark},
	Date-Added = {2015-02-03 15:01:13 +0000},
	Date-Modified = {2015-02-05 11:58:56 +0000},
	Journal = {Computer Music Journal},
	Number = {No. 4},
	Pages = {pp. 14-27},
	Title = {The Phase Vocoder: A Tutorial},
	Volume = {Vol. 10},
	Year = {Winter, 1986}}

@book{lazzarini2010audio,
	Author = {Lazzarini, Victor and Boulanger, Richard},
	Date-Added = {2015-02-03 14:21:39 +0000},
	Date-Modified = {2015-02-03 16:32:07 +0000},
	Publisher = {MIT Press},
	Title = {The Audio Programming Book},
	Year = {2010}}

@book{cipriani2009musica,
	Author = {Cipriani, Alessandro and Giri, Maurizio},
	Date-Added = {2015-01-30 18:38:06 +0000},
	Date-Modified = {2015-02-03 16:31:53 +0000},
	Publisher = {ConTempoNet},
	Title = {Musica Elettronica e Sound Design, volume 1},
	Year = {2009}}

@book{zolder2011dafx,
	Author = {Z{\"o}lzer, Udo},
	Date-Added = {2015-01-30 18:12:29 +0000},
	Date-Modified = {2015-02-03 16:31:27 +0000},
	Publisher = {Wiley},
	Title = {Digital Audio Effects, 2nd Edition},
	Year = {2011}}

@book{roads2002microsound,
	Author = {Roads, Curtis},
	Date-Added = {2015-01-30 18:09:33 +0000},
	Date-Modified = {2015-02-03 16:31:44 +0000},
	Publisher = {MIT Press},
	Title = {Microsound},
	Year = {2002}}

@book{roads1996tutorial,
	Author = {Roads, Curtis},
	Date-Added = {2015-01-30 18:05:45 +0000},
	Date-Modified = {2015-02-03 16:32:15 +0000},
	Publisher = {MIT Press},
	Read = {1},
	Title = {The Computer Music Tutorial},
	Year = {1996}}
